<?xml version="1.0" encoding="UTF-8"?><collection xmlns="http://www.loc.gov/MARC21/slim"><record><leader>00490nam--2200181-u-4500</leader><controlfield tag="001">000053996</controlfield><controlfield tag="002">20161230</controlfield><controlfield tag="005">20161230201051</controlfield><controlfield tag="008">110727s1000------------r-----000-0-rus-d</controlfield><datafield ind1=" " ind2=" " tag="040"><subfield code="a">IFIN-HH</subfield></datafield><datafield ind1=" " ind2=" " tag="041"><subfield code="a">rus</subfield></datafield><datafield ind1=" " ind2=" " tag="080"><subfield code="a">537.311.33</subfield></datafield><datafield ind1="1" ind2=" " tag="100"><subfield code="a">Hadji, P.I</subfield></datafield><datafield ind1="1" ind2="0" tag="245"><subfield code="a">Nelineinie opticeskie protessi v sisteme eksitonov i bieksitonov v poluprovodnikah</subfield><subfield code="c">P.i. hadji</subfield></datafield><datafield ind1=" " ind2=" " tag="260"><subfield code="a">Kisinev</subfield><subfield code="b">Stiinta</subfield><subfield code="c">1985</subfield></datafield><datafield ind1=" " ind2=" " tag="300"><subfield code="a">213P</subfield></datafield><datafield ind1=" " ind2=" " tag="852"><subfield code="a">72759</subfield><subfield code="c">537.311.33</subfield></datafield><datafield ind1=" " ind2=" " tag="CAT"><subfield code="a">Sys</subfield><subfield code="c">20110727</subfield><subfield code="h">162426</subfield></datafield></record></collection>